@misc{kokudo2024,
  title  = {観光白書},
  author = {国土交通省},
  year   = {2024}
}
@article{yoshizoe2023,
  title   = {マルチエージェント交通シミュレーションへの法的推論機構の導入},
  author  = {吉添 衛 and 服部 宏充},
  journal = {人工知能学会全国大会論文集},
  volume  = {JSAI2023},
  number  = { },
  pages   = {2F4GS501-2F4GS501},
  year    = {2023},
  doi     = {10.11517/pjsai.JSAI2023.0_2F4GS501}
}
